% Encoding: UTF-8

@book{Aitchison2015,
  author    = {Aitchison, Ronald},
  title     = {DNS for Rocket Scientists},
  year      = {2015},
  url       = {http://www.zytrax.com/books/dns/},
  urldate   = {2016-09-16},
  owner     = {bert},
  timestamp = {2016-09-16}
}

@article{Andrade2000,
  author       = {Andrade, Heidi Goodrich},
  title        = {Using Rubrics to Promote Thinking and Learning},
  journaltitle = {Educational Leadership},
  year         = {2000},
  subtitle     = {i},
  volume       = {57},
  number       = {5},
  pages        = {13--18},
  url          = {http://www-tc.pbs.org/teacherline/courses/rdla230/docs/session_2_andrade.pdf},
  urldate      = {2016-09-15},
  owner        = {bert},
  timestamp    = {2016-09-15}
}

@manual{Ansible2016,
  author    = {{Ansible, Inc.}},
  title     = {Ansible Documentation},
  year      = {2016},
  url       = {https://docs.ansible.com/ansible/},
  urldate   = {2016-09-15},
  owner     = {bert},
  timestamp = {2016-09-15}
}

@online{Aun2016,
  author    = {Aun},
  title     = {10 Tips To Improve MariaDB Performance},
  date      = {2016-03-30},
  url       = {http://linuxpitstop.com/tips-to-improve-mariadb-performance/},
  urldate   = {2016-09-15},
  owner     = {bert},
  timestamp = {2016-09-15}
}

@online{Blanc2015,
  author    = {Blanc, Michel},
  title     = {Transparent encryption with Ansible Vault revisited},
  year      = {2015},
  url       = {https://leucos.github.io/articles/transparent-vault-revisited/},
  urldate   = {2015-09-16},
  owner     = {bert},
  timestamp = {2016-09-15}
}

@online{Cameron2012,
  author    = {Cameron, Thomas},
  title     = {SELinux for mere mortals (RedHat Summit 2012, Boston)},
  year      = {2012},
  url       = {https://www.youtube.com/watch?v=MxjenQ31b70},
  urldate   = {2016-09-15},
  owner     = {bert},
  timestamp = {2016-09-15}
}

@incollection{CarterEtAl2010,
  author    = {Carter, Gerald and Vernooij, Jelmer and Bannon, David and Shearer, Dan},
  title     = {Analyzing and Solving Samba Problems},
  booktitle = {The Official Samba 3.5.x HOWTO and Reference Guide},
  year      = {2010},
  editor    = {Vernooij, Jelmer R. and Terpstra, John H. and Carter, Gerald},
  url       = {https://www.samba.org/samba/docs/man/Samba-HOWTO-Collection/problems.html},
  owner     = {bert},
  timestamp = {2016-09-23}
}

@online{Cobbaut2015,
  author       = {Cobbaut, Paul},
  title        = {Linux Fundamentals},
  date         = {2015-05-24},
  url          = {http://linux-training.be/linuxfun.pdf},
  organization = {Netsec BVBA},
  urldate      = {2017-09-25},
  owner        = {bert},
  timestamp    = {2017-09-25}
}

@online{Davila2015,
  author    = {Davila, Jonathan},
  title     = {Automatically testing and validating the Ansible STIG Role for Red Hat 6},
  year      = {2015},
  url       = {http://blog.davila.io/posts/automatically-testing-and-validation-the-ansible-stig-role-for-red-hat-6.html},
  urldate   = {2015-09-16},
  owner     = {bert},
  timestamp = {2016-09-15}
}

@online{DeHaan2014,
  author    = {DeHaan, Michael},
  title     = {Ansible: Python-Powered Radically Simple IT Automation (PyCon 2014)},
  year      = {2014},
  url       = {http://youtu.be/Qi0AhK7PMCI},
  urldate   = {2016-09-15},
  owner     = {bert},
  timestamp = {2016-09-15}
}

@book{Geerling2016,
  author    = {Geerling, Jeff},
  title     = {Ansible for Devops},
  date      = {2016-09-06},
  subtitle  = {Server and configuration management for humans},
  publisher = {Leanpub},
  isbn      = {978-0-9863934-0-2},
  url       = {https://leanpub.com/ansible-for-devops},
  urldate   = {2016-09-16},
  owner     = {bert},
  timestamp = {2016-09-16}
}

@manual{Github2016,
  author    = {{Github, Inc.}},
  title     = {Getting started with writing and formatting on GitHub},
  year      = {2016},
  url       = {https://help.github.com/articles/getting-started-with-writing-and-formatting-on-github/},
  urldate   = {2016-09-16},
  owner     = {bert},
  timestamp = {2016-09-16}
}

@online{Gruber2004,
  author       = {Gruber, John},
  title        = {Markdown},
  year         = {2004},
  url          = {https://daringfireball.net/projects/markdown/},
  organization = {Daring Fireball},
  urldate      = {2016-09-16},
  owner        = {bert},
  timestamp    = {2016-09-16}
}

@manual{Hashicorp,
  author    = {Hashicorp},
  title     = {Vagrant Documentation},
  url       = {https://www.vagrantup.com/docs/},
  urldate   = {2016-09-15},
  owner     = {bert},
  timestamp = {2016-09-15}
}

@online{Hayden2015,
  author    = {Hayden, Major},
  title     = {Automated Testing for Ansible CIS Playbook on RHEL/CentOS 6},
  year      = {2015},
  url       = {https://major.io/2015/08/05/automated-testing-for-ansible-cis-playbook-on-rhelcentos-6/},
  urldate   = {2015-09-16},
  owner     = {bert},
  timestamp = {2016-09-15}
}

@online{Johnson2015,
  author    = {Johnson, Adam},
  title     = {Making Ansible a bit faster},
  year      = {2015},
  url       = {http://adamj.eu/tech/2015/05/18/making-ansible-a-bit-faster/},
  urldate   = {2015-09-16},
  owner     = {bert},
  timestamp = {2016-09-15}
}

@online{Limoncelli2012,
  author    = {Limoncelli, Tom},
  title     = {What makes a sysadmin a "senior sysadmin"? (Everything Sysadmin Blog)},
  year      = {2012},
  url       = {http://everythingsysadmin.com/2012/09/seniorsysadmins.html},
  urldate   = {2016-09-17},
  owner     = {bert},
  timestamp = {2016-09-17}
}

@online{mnxio,
  author    = {mnx.io},
  title     = {A proper server naming scheme},
  url       = {https://mnx.io/blog/a-proper-server-naming-scheme/},
  owner     = {bert},
  timestamp = {2016-09-16}
}

@online{Moundalexis2016,
  author    = {Moundalexis, Alex},
  title     = {Locking Down an SSH Server},
  date      = {2016-09-06},
  url       = {http://www.moundalexis.com/v2/2016/09/06/securing-sshd.html},
  urldate   = {2016-09-15},
  owner     = {bert},
  timestamp = {2016-09-15}
}

@online{Mytton2015,
  author    = {Mytton, David},
  title     = {Server Naming Conventions and Best Practices (Server Density blog)},
  year      = {2015},
  url       = {https://blog.serverdensity.com/server-naming-conventions-and-best-practices/},
  urldate   = {2016-09-16},
  owner     = {bert},
  timestamp = {2016-09-16}
}

@online{Rowe2009,
  author    = {Rowe, Sam},
  title     = {Advancing in the Bash Shell},
  year      = {2009},
  url       = {http://samrowe.com/wordpress/advancing-in-the-bash-shell/},
  urldate   = {2016-09-16},
  owner     = {bert},
  timestamp = {2016-09-16}
}

@online{Sawiyati2014,
  author    = {Sawiyati},
  title     = {How to install Fail2ban on CentOS},
  year      = {2014},
  url       = {http://www.servermom.org/install-fail2ban-centos/1809/},
  urldate   = {2015-09-19},
  owner     = {bert},
  timestamp = {2016-09-15}
}

@online{Simmons2009,
  author    = {Simmons},
  title     = {If you can't script it, use a checklist},
  year      = {2009},
  url       = {http://www.standalone-sysadmin.com/blog/2009/07/if-you-cant-script-it-use-a-checklist/},
  urldate   = {2015-09-16},
  owner     = {bert},
  timestamp = {2016-09-15}
}

@online{stribika2015,
  author    = {stribika},
  title     = {Secure Secure Shell},
  date      = {2015},
  url       = {https://stribika.github.io/2015/01/04/secure-secure-shell.html},
  urldate   = {2015-09-16},
  owner     = {bert},
  timestamp = {2016-09-15}
}

@incollection{TrigdellEtAl2010,
  author    = {Trigdell, Andrew and Vernooij, Jelmer and Shearer, Dan},
  title     = {The Samba Checklist},
  booktitle = {The Official Samba 3.5.x HOWTO and Reference Guide},
  year      = {2010},
  editor    = {Vernooij, Jelmer R. and Terpstra, John H. and Carter, Gerald},
  url       = {https://www.samba.org/samba/docs/man/Samba-HOWTO-Collection/diagnosis.html},
  owner     = {bert},
  timestamp = {2016-09-23}
}

@online{VanVreckem2013,
  author    = {Van Vreckem, Bert},
  title     = {Vijf trends in systeembeheer (inleidingsles Enterprise Linux)},
  year      = {2013},
  url       = {http://youtu.be/GGTS37Tsl-M},
  urldate   = {2016-09-15},
  owner     = {bert},
  timestamp = {2016-09-15}
}

@online{VanVreckem2014,
  author    = {Van Vreckem, Bert},
  title     = {Een fileserver opzetten met Samba},
  year      = {2014},
  url       = {https://youtu.be/w2RxBkqQ3ZQ},
  urldate   = {2016-09-23},
  owner     = {bert},
  timestamp = {2016-09-23}
}

@online{VanVreckem2015,
  author    = {Van Vreckem, Bert},
  title     = {Troubleshooting a network service},
  year      = {2015},
  url       = {https://github.com/bertvv/cheat-sheets/blob/master/print/NetworkTroubleshooting.pdf},
  urldate   = {2016-09-15},
  owner     = {bert},
  timestamp = {2016-09-15}
}

@online{VanVreckem2015a,
  author    = {Van Vreckem, Bert},
  title     = {VirtualBox Networking: an overview (Notes to Self Blog)},
  date      = {2015-09-29},
  url       = {https://bertvv.github.io/notes-to-self/2015/09/29/virtualbox-networking-an-overview/},
  urldate   = {2016-09-17},
  owner     = {bert},
  timestamp = {2016-09-17}
}

@online{VanVreckem2015b,
  author    = {Van Vreckem, Bert},
  title     = {Linux Troubleshooting (deel 1)},
  date      = {2015-10-18},
  url       = {https://youtu.be/ciXpmDwJKOM},
  urldate   = {2017-09-26},
  owner     = {bert},
  timestamp = {2017-09-26}
}

@online{Weissig2014,
  author    = {Weissig, Justin},
  title     = {Crash Course on Vagrant (revised)},
  date      = {2014-12-16},
  url       = {https://sysadmincasts.com/episodes/42-crash-course-on-vagrant-revised},
  subtitle  = {Sysadmin Cast, episode 42},
  urldate   = {2016-09-15},
  owner     = {bert},
  timestamp = {2016-09-15}
}

@online{Weissig2015,
  author    = {Weissig, Justin},
  title     = {19 Minutes With Ansible},
  date      = {2015-01-13},
  url       = {https://sysadmincasts.com/episodes/43-19-minutes-with-ansible-part-1-4},
  subtitle  = {Sysadmin Cast, episode 43},
  urldate   = {2016-09-15},
  owner     = {bert},
  timestamp = {2016-09-15}
}

@Comment{jabref-meta: databaseType:biblatex;}
